
@article{easton1997statistics,
  title={Statistics Glossary v1. 1},
  author={Easton, Valerie J and McColl, John H},
  year={1997}
}


@misc{LQR,
  author = {LQR},
  title = {{Chapter 04}},
  howpublished = "\url{https://homes.esat.kuleuven.be/~maapc/static/files/CACSD/Slides/chapter4.pdf}",
  note = "[Online; accessed 2020-08-17]"
}

@MISC{Moshtagh_minimumvolume,
    author = {Nima Moshtagh},
    title = {MINIMUM VOLUME ENCLOSING ELLIPSOIDS},
    year = {}
}


@misc{rl,
  author = {Model based learning},
  title = {{Lecture 10}},
  howpublished = "\url{http://rail.eecs.berkeley.edu/deeprlcourse/static/slides/lec-10.pdf}",
  note = "[Online; accessed 2020-08-17]"
}


@misc{lecturecontrol,
  author = {Lecture Notes},
  title = {{ME322}},
  howpublished = "\url{https://berkeley-me233.github.io/static/UCB_ME233_lecture_notes_2014_Spring.pdf}",
  note = "[Online; accessed 2020-08-17]"
}

@misc{ronbun,
  author = {Lecture Notes},
  title = {{ReadingGroupControl}},
  howpublished = "\url{http://web.tuat.ac.jp/~gvlab/ronbun/ReadingGroupControl/mls-lyap.pdf}",
  note = "[Online; accessed 2020-08-17]"
}



@article{zuliani2009ransac,
  title={RANSAC for Dummies},
  author={Zuliani, Marco},
  journal={Vision Research Lab, University of California, Santa Barbara},
  year={2009},
  publisher={Citeseer}
}


@book{brown1992introduction,
  title={Introduction to random signals and applied Kalman filtering},
  author={Brown, Robert Grover and Hwang, Patrick YC and others},
  volume={3},
  year={1992},
  publisher={Wiley New York}
}

@book{lectures,
  keywords = {book},
  title={http://www.cse.psu.edu/rtc12/CSE486/},
  year={Lec18,Lec19}
}

@book{depthestimation,
  keywords = {book},
  title={https://courses.cs.washington.edu/courses/cse455/09wi/Lects/lect16.pdf},
  year={2018}
}

@book{optim1,
  keywords = {lecture},
  title={http://www.princeton.edu/aaa/Public/Teaching/ORF523/ORF523\_Lec3.pdf},
  year={2020}
}

@book{qing6010,
  keywords = {qing6010},
  title={https://stackoverflow.com/questions/3461869/plot-a-plane-based-on-a-normal-vector-and-a-point-in-matlab-or-matplotlib/12503243},
  year={2020}
}

@book{poly_ref,
  keywords = {poly_ref},
  title={https://www.mpt3.org/Geometry/OperationsWithPolyhedra},
  year={2020}
}

@book{classification,
  keywords = {classification},
  title={https://twitter.com/CevherLIONS/status/1204918740392894464/photo/1},
  year={2020}
}

@book{mpc_1,
  keywords = {mpc},
  title={https://markcannon.github.io/assets/downloads/teaching/C21\_Model\_Predictive\_Control/mpc\_notes.pdf},
  year={2020}
}

@article{rakovic2016model,
  title={Model predictive control: classical, robust, and stochastic [bookshelf]},
  author={Rakovi{\'c}, Sa{\v{s}}a V},
  journal={IEEE Control Systems Magazine},
  volume={36},
  number={6},
  pages={102--105},
  year={2016},
  publisher={IEEE}
}







@article{rose1982linear,
  title={Linear algebra and its applications (gilbert strang)},
  author={Rose, Nicholas J},
  journal={SIAM Review},
  volume={24},
  number={4},
  pages={499--501},
  year={1982},
  publisher={SIAM}
}


@book{boyd2004convex,
  title={Convex optimization},
  author={Boyd, Stephen and Boyd, Stephen P and Vandenberghe, Lieven},
  year={2004},
  publisher={Cambridge university press}
}

